@Article{ieeeglossary:softwareengineeringterminology,
	author = "IEEE",
	title = "IEEE Standard Glossary of Software Engineering Terminology",
	howpublished = "Website",
        year = "2002",
	note = "\url{https://standards.ieee.org/findstds/standard/610.12-1990.html}"
}

@Article{abistock:usingmetrics,
  author = 	 {Andrew Blinstock},
  title = 	 {Integration Watch: Using metrics effectively},
  journal = 	 {SD Times},
  month =        "March",
  year = 	 2010,
  volume =       ,
  number =       ,
  note =	 {\\ http://sdtimes.com/integration-watch-using-metrics-effectively/}
}

